@misc{opengrm,
  author =	"Kyle Gorman",
  title = {OpenGrm Libraries},
  year =    "OpenGRM",
  howpublished = {http://www.opengrm.org/},
  note = {visited 21/04/2017}
}

@misc{openfst,
  author =	"Kyle Gorman",
  title = {OpenFst Library},
  year =    "OpenFST",
  howpublished = {http://www.openfst.org/twiki/bin/view/FST/WebHome},
  note = {visited 21/04/2017}
}
